@inproceedings{narayanan2008robust,
  title={Robust de-anonymization of large sparse datasets},
  author={Narayanan, Arvind and Shmatikov, Vitaly},
  booktitle={Security and Privacy, 2008. SP 2008. IEEE Symposium on},
  pages={111--125},
  year={2008},
  organization={IEEE}
}

@article{sweeney1997weaving,
  title={Weaving technology and policy together to maintain confidentiality},
  author={Sweeney, Latanya},
  journal={The Journal of Law, Medicine \& Ethics},
  volume={25},
  number={2-3},
  pages={98--110},
  year={1997},
  publisher={Wiley Online Library}
}

@inproceedings{ganta2008composition,
  title={Composition attacks and auxiliary information in data privacy},
  author={Ganta, Srivatsava Ranjit and Kasiviswanathan, Shiva Prasad and Smith, Adam},
  booktitle={Proceedings of the 14th ACM SIGKDD international conference on Knowledge discovery and data mining},
  pages={265--273},
  year={2008},
  organization={ACM}
}

@incollection{dwork2008differential,
  title={Differential privacy: A survey of results},
  author={Dwork, Cynthia},
  booktitle={Theory and applications of models of computation},
  pages={1--19},
  year={2008},
  publisher={Springer}
}

@article{chaudhuri2011erm,
  title={Differentially private empirical risk minimization},
  author={Chaudhuri, Kamalika and Monteleoni, Claire and Sarwate, Anand D},
  journal={The Journal of Machine Learning Research},
  volume={12},
  pages={1069--1109},
  year={2011},
  publisher={JMLR. org}
}

@article{dwork2014algorithmic,
  title={The algorithmic foundations of differential privacy},
  author={Dwork, Cynthia and Roth, Aaron},
  journal={Foundations and Trends in Theoretical Computer Science},
  volume={9},
  number={3-4},
  pages={211--407},
  year={2014}
}

@incollection{sridharan2008objective,
  title = {Fast Rates for Regularized Objectives},
  author = {Sridharan, Karthik and Shai Shalev-shwartz and Nathan Srebro},
  booktitle = {Advances in Neural Information Processing Systems 21},
  pages = {1545--1552},
  year = {2008},
}

<<<<<<< HEAD
@inproceedings{dwork2006calibrating,
 author = {Dwork, Cynthia and McSherry, Frank and Nissim, Kobbi and Smith, Adam},
 title = {Calibrating Noise to Sensitivity in Private Data Analysis},
 booktitle = {Proceedings of the Third Conference on Theory of Cryptography},
 series = {TCC'06},
 year = {2006},
 location = {New York, NY},
 pages = {265--284},
 numpages = {20},
=======
@inproceedings{mironov2012significance,
  title={On significance of the least significant bits for differential privacy},
  author={Mironov, Ilya},
  booktitle={Proceedings of the 2012 ACM conference on Computer and communications security},
  pages={650--661},
  year={2012},
  organization={ACM}
}

@inproceedings{roy2010airavat,
  title={Airavat: Security and Privacy for MapReduce.},
  author={Roy, Indrajit and Setty, Srinath TV and Kilzer, Ann and Shmatikov, Vitaly and Witchel, Emmett},
  booktitle={NSDI},
  volume={10},
  pages={297--312},
  year={2010}
}

@inproceedings{mohan2012gupt,
  title={GUPT: privacy preserving data analysis made easy},
  author={Mohan, Prashanth and Thakurta, Abhradeep and Shi, Elaine and Song, Dawn and Culler, David},
  booktitle={Proceedings of the 2012 ACM SIGMOD International Conference on Management of Data},
  pages={349--360},
  year={2012},
  organization={ACM}
>>>>>>> 466ed7e7fcc3242d53dc52019695a93d047fa86b
}

@article{duchi2013local,
  title={Local privacy, data processing inequalities, and statistical minimax rates},
  author={Duchi, John C and Jordan, Michael I and Wainwright, Martin J},
  journal={arXiv preprint arXiv:1302.3203},
  year={2013}
}
